<?xml version="1.0" encoding="UTF-8"?><record xmlns="http://www.loc.gov/MARC21/slim" xmlns:cinclude="http://apache.org/cocoon/include/1.0" xmlns:zs="http://www.loc.gov/zing/srw/">
  <leader>00393nz  a2200133n  4500</leader>
  <controlfield tag="001">no 00075860 </controlfield>
  <controlfield tag="003">DLC</controlfield>
  <controlfield tag="005">20000919064525.0</controlfield>
  <controlfield tag="008">000918n| acannaabn          |n ana     c</controlfield>
  <datafield tag="010" ind1=" " ind2=" ">
    <subfield code="a">no 00075860 </subfield>
  </datafield>
  <datafield tag="035" ind1=" " ind2=" ">
    <subfield code="a">(OCoLC)oca05314384</subfield>
  </datafield>
  <datafield tag="040" ind1=" " ind2=" ">
    <subfield code="a">VtMiM-Mu</subfield>
    <subfield code="b">eng</subfield>
    <subfield code="c">VtMiM-Mu</subfield>
  </datafield>
  <datafield tag="110" ind1="2" ind2=" ">
    <subfield code="a">Tempo '70 (Musical group)</subfield>
  </datafield>
  <datafield tag="670" ind1=" " ind2=" ">
    <subfield code="a">The Nuyorican salsa experience [SR] p1999:</subfield>
    <subfield code="b">insert (Tempo '70; Puerto Rican band)</subfield>
  </datafield>
</record>